@book{imagemlivro,
  title={Sistemas Operacionais Modernos},
  author={A.S Tanenbaum},
  year={2015},
  publisher={Pearson Editora}
}

@misc{if677,
 author = "Eduardo Tavares",
 title = "IF677 - Infraestrutura de Software",
 year = "2023",
 url = "\url{https://cin.ufpe.br/~if677ec/}",
 }

 @misc{cin,
 author = "UFPE",
 title = "Logo do Centro de Inform√°tica da Universidade Federal de Pernambuco",
 year = "1985",
 url = "\url{https://portal.cin.ufpe.br/}",
 }